<record><leader>00000cas a22000007a 4500</leader><controlfield tag="001">11275510</controlfield><controlfield tag="008">841017d18291831ohuwn ne      0    0eng d</controlfield><controlfield tag="009">3783</controlfield><datafield ind1=" " ind2=" " tag="010"><subfield code="a">sn 84028622 </subfield></datafield><datafield ind1=" " ind2=" " tag="040"><subfield code="a">NPY</subfield><subfield code="b">eng</subfield><subfield code="c">NPY</subfield><subfield code="d">NPV</subfield><subfield code="d">NPX</subfield><subfield code="d">DLC</subfield><subfield code="d">NPV</subfield><subfield code="d">ONP</subfield><subfield code="d">CNK</subfield><subfield code="d">DLC</subfield></datafield><datafield ind1="1" ind2=" " tag="029"><subfield code="a">AU@</subfield><subfield code="b">000025797160</subfield></datafield><datafield ind1=" " ind2=" " tag="042"><subfield code="a">msc</subfield></datafield><datafield ind1="0" ind2="0" tag="050"><subfield code="a">Newspaper 9214-X</subfield></datafield><datafield ind1="0" ind2=" " tag="130"><subfield code="a">Ohio State bulletin (Columbus, Ohio : 1829)</subfield></datafield><datafield ind1="0" ind2="0" tag="245"><subfield code="a">Ohio State bulletin.</subfield></datafield><datafield ind1="1" ind2="7" tag="246"><subfield code="a">Columbus advertiser</subfield></datafield><datafield ind1=" " ind2=" " tag="260"><subfield code="a">Columbus, [Ohio] :</subfield><subfield code="b">Lazell &amp; Bryan,</subfield><subfield code="c">1829-1831.</subfield></datafield><datafield ind1=" " ind2=" " tag="300"><subfield code="a">v.</subfield></datafield><datafield ind1=" " ind2=" " tag="310"><subfield code="a">Weekly (semiweekly during sessions of the legislature)</subfield></datafield><datafield ind1="0" ind2=" " tag="362"><subfield code="a">Vol. 1, no. 1 (July 29, 1829)-v. 2, no. 106 (Mar. 4, 1831).</subfield></datafield><datafield ind1=" " ind2=" " tag="500"><subfield code="a">Publishers: Lazell &amp; Bryan, &lt;1830&gt;; J.A. Lazell, &lt;1830&gt;.</subfield></datafield><datafield ind1=" " ind2=" " tag="500"><subfield code="a">"Democratic." Cf. Gutgesell, S.  Guide to Ohio newspapers, 1974.</subfield></datafield><datafield ind1=" " ind2=" " tag="500"><subfield code="a">Editor: John A. Bryan.</subfield></datafield><datafield ind1="1" ind2=" " tag="700"><subfield code="a">Bryan, John A.</subfield><subfield code="q">(John Alexander)</subfield></datafield><datafield ind1=" " ind2=" " tag="752"><subfield code="a">United States</subfield><subfield code="b">Ohio</subfield><subfield code="c">Franklin</subfield><subfield code="d">Columbus.</subfield></datafield><datafield ind1="0" ind2="0" tag="785"><subfield code="t">Columbus sentinel</subfield><subfield code="w">(DLC)sn 84028623</subfield></datafield></record>